@Book{xie2015,
  title = {Dynamic Documents with {R} and knitr},
  author = {Yihui Xie},
  publisher = {Chapman and Hall/CRC},
  address = {Boca Raton, Florida},
  year = {2015},
  edition = {2nd},
  note = {ISBN 978-1498716963},
  url = {http://yihui.name/knitr/},
}

@book{box1970,
  title={Time series analysis: forecasting and control},
  author={Box, George EP and Jenkins},
  year={1970},
  publisher={San Francisco: Holden-Day}
}

@book{dougherty2011,
  title={Introduction to econometrics},
  author={Dougherty, Christopher},
  year={2011},
  publisher={Oxford University Press}
}

@article{gujarati2003,
  title={Basic Econometrics. Forth Edition},
  author={Gujarati, Damodar N},
  journal={Singapura: McGraw-Hill},
  year={2003}
}

@article{harris1995,
 title={Cointegration, Error Correction, and Price Discovery on Informationally Linked  Security Markets},
 author={Harris, Frederick H deB and Mclnish, Thomas H and Shoesmith, Gary L and Wood, Robert A},
 journal={JOURNAL OF FINANCIAL AND QUANTITATIVE ANALYSIS},
 volume={30},
 pages={N0},
 year={1995}
}

@article{hausman1978,
  title={Specification tests in econometrics},
  author={Hausman, Jerry A},
  journal={Econometrica: Journal of the econometric society},
  pages={1251--1271},
  year={1978},
  publisher={JSTOR}
}

@article{koopmans1974,
 title={The Spectral Analysis of Time Series Academic Press},
 author={Koopmans, LH},
 journal={New York, San Francisco, London},
 year={1974}
}

@article{leigh2004,
  title={Instrumental variables technique: cigarette price provided better estimate of effects of smoking on SF-12},
  author={Leigh, J Paul and Schembri, Michael},
  journal={Journal of clinical epidemiology},
  volume={57},
  number={3},
  pages={284--293},
  year={2004},
  publisher={Elsevier}
}

@article{marple1980,
  title={A new autoregressive spectrum analysis algorithm},
  author={Marple, Larry},
  journal={IEEE Transactions on Acoustics, Speech, and Signal Processing},
  volume={28},
  number={4},
  pages={441--454},
  year={1980},
  publisher={IEEE}
}  
  
@article{morettin1978,
 title={Estimation of the spectrum and of the covariance function of a dyadic-stationary series},
 author={Morettin, PA},
 journal={Boletim da Sociedade Brasileira de Matem{\'a}tica-Bulletin/Brazilian Mathematical Society},
 volume={9},
 number={2},
 pages={83--88},
 year={1978},
 publisher={Springer}
}

@article{watts1968,
 title={Spectral analysis and its applications},
 author={Watts, Donald G and Jenkins, G},
 journal={San Francisco},
 year={1968}
}

@book{wooldridge2016,
  title={Introductory econometrics: A modern approach},
  author={Wooldridge, Jeffrey M},
  year={2016},
  publisher={Nelson Education}
}
